@misc{TestingForContinuousDelivery:2016,
    author = "Larry Brader, Howie Hilliker, Alan Wills",
    title = "Testing for Continuous Delivery with Visual Studio 2012",
    howpublished = "\url{https://msdn.microsoft.com/en-us/library/jj159344.aspx}",
    note = "[Online; accessed 31-October-2016]"
}

@misc{TimedAutomaton:2016,
    title = "Timed automaton",
    howpublished = "\url{https://en.wikipedia.org/wiki/Timed\_automaton}",
    note = "[Online; accessed 12-December-2016]"
}

@misc{IBMRequirementBasedTesting:2017,
    title = "Requirement Based Testing",
    howpublished = "\url{https://www.ibm.com/support/knowledgecenter/SSJJ9R\_5.0.2/com.ibm.rational.test.qm.doc/topics/c\_reqbased\_tst.html}",
    note = "[Online; accessed 12-April-2017]",
    publisher = "IBM"
}

@misc{SoftwareDevelopment:2016,
    title = "Software development",
    howpublished = "\url{https://en.wikipedia.org/wiki/Software\_development}",
    note = "[Online; accessed 19-December-2016]"
}

@misc{VnV:2016,
    title = "Software verification and validation",
    howpublished = "\url{https://en.wikipedia.org/wiki/Software\_verification\_and\_validation}",
    note = "[Online; accessed 21-December-2016]"
}

@misc{FSM:2017,
    title = "Finite-state machine",
    howpublished = "\url{https://en.wikipedia.org/wiki/Finite-state\_machine}",
    note = "[Online; accessed 22-March-2017]"
}

@misc{AFA:2017,
    title = "Alternate Finite Automaton",
    howpublished = "\url{https://en.wikipedia.org/wiki/Alternating\_finite\_automaton}",
    note = "[Online; accessed 16-April-2017]"
}

@misc{NFA:2017,
    title = "Nondeterministic Finite Automaton",
    howpublished = "\url{https://en.wikipedia.org/wiki/Nondeterministic\_finite\_automaton}",
    note = "[Online; accessed 16-April-2017]"
}

@misc{EconomicsSTBC:2017,
    title = "The Economics of Testing",
    howpublished = "\url{http://www.riceconsulting.com/public\_pdf/STBC-WM.pdf}",
    note = "[Online; accessed 12-April-2017]"
}

@misc{EconomicsWiki:2017,
    title = "Software tesing - Economics",
    howpublished = "\url{https://en.wikipedia.org/wiki/Software\_testing\#Economics}",
    note = "[Online; accessed 12-April-2017]"
}

@misc{EconomicsWiki:2017,
    title = "Software tesing - Economics",
    howpublished = "\url{https://swtch.com/~rsc/regexp/regexp1.html}",
    note = "[Online; accessed 12-April-2017]"
}

@misc{ScrumAlliance:2017,
    title = "What is Scrum? An Agile Framework for Completing Complex Projects",
    howpublished = "\url{https://www.scrumalliance.org/why-scrum}",
    note = "[Online; accessed 29-April-2017]"
}

% ****************************************************
% Congres

@proceedings{ICC96,
    title = "13\textsuperscript{th} International Corrosion Congress",
    year ="1996",
    month = "novembre",
    address = "Melbourne (Australia)",
    key = "ICC96"
}

% ****************************************************
% livres

@book{AutomatedDefectPrevention:2007,
    title = "Automated Defect Prevention: Best Practices in Software Management",
    author = "Dorota Huizinga, Adam Kolawa",
    month = "September",
    year ="2007",
    isbn = "978-0-470-04212-0",
    publisher = "Wiley-IEEE Computer Society Press"
}

@book{TestingInSoftwareDevelopment:1987,
    title = "Testing in Software Development",
    author = "Dorota Huizinga, Adam Kolawa",
    series = "British Computer Society Monographs in Informatics",
    month = "February",
    year ="1987",
    isbn = "978-0521337861",
    publisher = "Cambridge University Press"
}

@book{Patton:2005,
    author = "Ron Patton",
    title = "Software Testing (2Nd Edition)",
    year = "2005",
    isbn = "0672327988",
    publisher = "Sams",
    address = "Indianapolis, IN, USA",
}

@book{Keller-FSM,
    author = "Robert M. Keller",
    title = "Finite-State Machines",
    howpublished = "\url{http://www.cse.chalmers.se/~coquand/AUTOMATA/book.pdf}",
}


% ****************************************************
% Theses

@phdthesis{Gay98,
    author = "A.-S. Gay-Brun",
    title = "\'Etude de l'effet du bore sur les alliages FeAl ordonn\'es de structure B2",
    school = "\'Ecole des Mines de Saint-\'Etienne/Institut National Polytechnique de Grenoble (France)",
    year = "1998",
    month = "juin",
    note = "n\textsuperscript{o} 186 TD"
}

@phdthesis{EconomicImpactsOfTesting:2002,
    author = "Gregory Tassey",
    title = "The Economic Impacts of Inadequate Infrastructure for Software Testing",
    year = "2002",
    month = "may",
    publisher = "National Institute of Standards and Technology",
}


% ****************************************************
% Publis

@article{IEEEStd1990,
    journal = {IEEE Std 610.12-1990},
    title = {IEEE Standard Glossary of Software Engineering Terminology},
    year = {1990},
    pages = {1-84},
    keywords = {glossaries;software engineering;standards;IEEE Std 610.12-1990;software engineering terminology;standard glossary;Software engineering;Standards;Terminology;Definitions;Software engineering;dictionary;glossary;terminology},
    doi = {10.1109/IEEESTD.1990.101064},
    month = {Dec},
}

@article{Laurie.W:Black-box,
    title = {Testing Overview and Black-Box Testing Techniques },
    author = {Laurie Williams},
    year = {2006},
    pages = {1-26},
}

@article{BenderRBTRequirementBasedTesting:2017,
    title = "Requirements Based Testing Process Overview",
    year = {2009},
    pages = {1-18},
    publisher = "Bender RBT Inc."
}

@article{FA-DecisionProblems:1959,
    title = {Finite Automata and Their Decision Problems},
    author = "M. O. Rabin, D. Scott",
    year = {1959},
    month = {April},
    pages = {1-12},
    journal = {IBM Journal},
    howpublished = "\url{http://www.cse.chalmers.se/~coquand/AUTOMATA/rs.pdf}",
}

@article{BARYWBoehm:1987,
    title = {Software Process Management: Lessons Learned from History},
    author = "Barry W. Boehm",
    year = {1987},
    pages = {296-298},
    journal = {ICSE '87 Proceedings of the 9th international conference on Software Engineering},
}

@article {IIS2:IIS202348,
    author = {Mooz, Hal and Forsberg, Kevin},
    title = {4.4.3 A Visual Explanation of Development Methods and Strategies including the Waterfall, Spiral, Vee, Vee+, and Vee++ Models},
    journal = {INCOSE International Symposium},
    volume = {11},
    number = {1},
    issn = {2334-5837},
    url = {http://dx.doi.org/10.1002/j.2334-5837.2001.tb02348.x},
    doi = {10.1002/j.2334-5837.2001.tb02348.x},
    pages = {610--617},
    year = {2001},
}


Barry W. Boehm (1987). "Software Process Management: Lessons Learned from History" in ICSE '87 Proceedings of the 9th international conference on Software Engineering pp 296-298

% http://tagh.de/tom/wp-content/uploads/FSM_UnweigtedAutomata.pdf
% https://rutherglen.science.mq.edu.au/ccooper/Languages%20and%20Machines/CHAP04%20Introduction%20to%20FSAs.pdf
% http://users.encs.concordia.ca/~cc/331/material/lectures/fsm.pdf
% http://www.dcs.ed.ac.uk/home/mic/FiniteStateMachines1-slides.pdf

% https://swtch.com/~rsc/regexp/regexp1.html

% https://arxiv.org/abs/cs/0404037

% Chandra, Ashok K.; Kozen, Dexter C.; Stockmeyer, Larry J. (1981). "Alternation". Journal of the ACM. 28 (1): 114–133. doi:10.1145/322234.322243. ISSN 0004-5411.
% Jump up ^ Fellah, A.; Jürgensen, H.; Yu, S. (1990). "Constructions for alternating finite automata∗". International Journal of Computer Mathematics. 35 (1-4): 117–132. doi:10.1080/00207169008803893. ISSN 0020-7160.
